@article{
	consumption,
    author = "Bin Luo,Rui Ma,Yuan Xin Chen,Gui Lin Xu.",
    title = "A New Assessment Method for Energy Consumption of Thermal Power Unit",
    journal = "Applied Mechanics and Materials",
    year = "2013",
    volume = "2187",
    number = "268"
}