@article{
	energy,
    author = "Yu Chen Song,Ming Gao,Hai Dong Meng,Yuan Zhang,Yan Han",
    title = "Study on Energy Structure and Energy Security in Inner Mongolia",
    journal = "Advanced Materials Research",
    year = "2013",
    volume = "2694",
    number = "865"
}