@article{
	mr1,
    author = "Guoli Wang,Jianhui Wu,Jianhua Wu,Xiaohong Wang",
    title = "A Comparison between the Linear Neural Network Method and the Multiple Linear Regression Method in the Modeling of Continuous Data",
    journal = "Journal of Computers",
    year = "2011",
    volume = "6",
    number = "10"
}