@article{
	pca,
    author  = "Jin Yu Tian, Na Zhao",
    title   = "Based on PCA that Affect Chinaâ€™s Energy Efficiency",
    year    = "2013",
    journal = "Applied Mechanics and Materials",
    volume  = "14",
    number  = "401"
}