@article{
	topsis2,
    author = "Zhi Pei",
    title = "A note on the TOPSIS method in MADM problems with linguistic evaluations",
    journal = "Applied Soft Computing",
    year = "2015",
    volume = "36"
}