@article{
	topsis,
    author = "≈Åukasz Kiszkiel",
    title = "APPLICATION OF TOPSIS METHOD FOR THE EVALUATION OF ECONOMIC INEQUALITY IN OECD COUNTRIES",
    journal = "Studies in Logic, Grammar and Rhetoric",
    year = "2017",
    volume  = "50",
    number = "1"
}